@misc{ProgrammizJavaIO,
    author={Programmiz},
    title={Java I/O Streams},
    url={https://www.programiz.com/java-programming/io-streams},
    year={Last accessed: September 23, 2021}
}

@misc{ViroliOOP2122,
    author={Viroli, Mirko},
    title={Object Oriented Programming},
    url = {https://www.unibo.it/en/teaching/course-unit-catalogue/course-unit/2021/378219},
    year={2021}
}

@article{scikit-learn,
 title={Scikit-learn: Machine Learning in {P}ython},
 author={Pedregosa, F. and Varoquaux, G. and Gramfort, A. and Michel, V.
         and Thirion, B. and Grisel, O. and Blondel, M. and Prettenhofer, P.
         and Weiss, R. and Dubourg, V. and Vanderplas, J. and Passos, A. and
         Cournapeau, D. and Brucher, M. and Perrot, M. and Duchesnay, E.},
 journal={Journal of Machine Learning Research},
 volume={12},
 pages={2825--2830},
 year={2011}
}

@book{Shaw2017,
    author = {Shaw, Zed A.},
    title = {Learn Python 3 the Hard Way: A Very Simple Introduction to the Terrifyingly Beautiful World of Computers and Code},
    year = {2017},
    isbn = {0134692888},
    publisher = {Addison-Wesley Professional},
    edition = {1st},
    url = {https://we.riseup.net/assets/345908/Learn+Python+The+Hard+Way+3rd+Edition+V413HAV.pdf},
}

@inproceedings{psyke-woa2021,
	articleno = 3,
	author = {Sabbatini, Federico and Ciatto, Giovanni and Calegari, Roberta and Omicini, Andrea},
	booktitle = {WOA 2021 -- 22nd Workshop ``From Objects to Agents''},
	editor = {Calegari, Roberta and Ciatto, Giovanni and Denti, Enrico and Omicini, Andrea and Sartor, Giovanni},
	issn = {1613-0073},
	keywords = {explainable AI, knowledge extraction, interpretable prediction, PSyKE},
	location = {Bologna, Italy},
	month = oct,
	note = {22nd Workshop ``From Objects to Agents'' (WOA 2021), Bologna, Italy, 1--3~} # sep # {~2021. Proceedings},
	numpages = 20,
	pages = {29--48},
	publisher = {Sun SITE Central Europe, RWTH Aachen University},
	series = {CEUR Workshop Proceedings},
	subseries = {AI*IA Series},
	title = {On the Design of {PSyKE}: A Platform for Symbolic Knowledge Extraction},
	url = {http://ceur-ws.org/Vol-2963/paper14.pdf},
	volume = 2963,
	year = 2021
}

@article{2pkt-swx16,
	author = {Ciatto, Giovanni and Calegari, Roberta and Omicini, Andrea},
	doi = {10.1016/j.softx.2021.100817},
	issn = {2352-7110},
	journal = {SoftwareX},
	keywords = {logic programming, artificial intelligence, Prolog, Kotlin, tuProlog},
	month = dec,
	pages = {100817:1--7},
	title = {{\textsf{2}P-\textsc{Kt}}: A Logic-Based Ecosystem for Symbolic {AI}},
	url = {https://www.sciencedirect.com/science/article/pii/S2352711021001126},
	volume = 16,
	year = 2021
}

@book{SterlingS94,
  author    = {Leon Sterling and
               Ehud Shapiro},
  title     = {The Art of Prolog - Advanced Programming Techniques, 2nd Ed},
  publisher = {{MIT} Press},
  year      = {1994},
  timestamp = {Thu, 04 Oct 2018 18:55:44 +0200},
  biburl    = {https://dblp.org/rec/books/mit/SterlingS94.bib},
  bibsource = {dblp computer science bibliography, https://dblp.org},
  url = {https://cliplab.org/~logalg/doc/The_Art_of_Prolog.pdf},
}

@book{Hunt21,
  author    = {John Hunt},
  title     = {Beginner's Guide to Kotlin Programming},
  publisher = {Springer},
  year      = {2021},
  url       = {https://doi.org/10.1007/978-3-030-80893-8},
  doi       = {10.1007/978-3-030-80893-8},
  isbn      = {978-3-030-80892-1},
  timestamp = {Mon, 25 Oct 2021 18:04:07 +0200},
  biburl    = {https://dblp.org/rec/books/sp/Hunt21.bib},
  bibsource = {dblp computer science bibliography, https://dblp.org}
}

@article{lpaas-bdcc2,
    Articleno = 23,
    Author = {Calegari, Roberta and Ciatto, Giovanni and Mariani, Stefano and Denti, Enrico and Omicini, Andrea},
    Doi = {10.3390/bdcc2030023},
    IrisId = {11585/640012},
    Issn-Online = {2504-2289},
    Journal = {Big Data and Cognitive Computing},
    Keywords = {Logic Programming as a Service, IoT, symbolic reasoning},
    Number = 3,
    Numpages = 26,
    Publisher = {MDPI},
    Title = {{LPaaS} as Micro-intelligence: Enhancing {IoT} with Symbolic Reasoning},
    Url = {http://www.mdpi.com/2504-2289/2/3/23},
    Url-Pdf = {http://www.mdpi.com/2504-2289/2/3/23/pdf},
    Volume = 2,
    Year = 2018}

@inproceedings{tusow-icccn2019,
    Address = {Valencia, Spain},
    Author = {Ciatto, Giovanni and Rizzato, Lorenzo and Omicini, Andrea and Mariani, Stefano},
    Booktitle = {The 28th International Conference on Computer Communications and Networks (ICCCN 2019)},
    Doi = {10.1109/ICCCN.2019.8846916},
    IrisId = {11585/695576},
    IeeeNo = {8846916},
    Isbn = {978-1-7281-1856-7},
    Isbn-Usb = {978-1-7281-1855-0},
    Issn = {2637-9430},
    Keywords = {TuSoW, edge computing, coordination, tuple spaces, LINDA, Web of Things},
    Month = {29~} # jul # {--1~} # aug,
    Publisher = {IEEE},
    ScopusId = {2-s2.0-85073155391},
    Title = {{TuSoW}: Tuple Spaces for Edge Computing},
    Url = {http://ieeexplore.ieee.org/document/8846916},
    WosId = {000533348400007},
    Year = 2019}

@article{respect-scp41,
    Author = {Omicini, Andrea and Denti, Enrico},
    Doi = {10.1016/S0167-6423(01)00011-9},
    Issn = {0167-6423},
    Journal = {Science of Computer Programming},
    Month = nov,
    Number = 3,
    Pages = {277--294},
    Publisher = {Elsevier Science B. V.},
    ScopusId = {2-s2.0-0035501083},
    Title = {From Tuple Spaces to Tuple Centres},
    Url = {http://www.sciencedirect.com/science/article/pii/S0167642301000119},
    Volume = 41,
    WosId = {000173598300003},
    Year = 2001}

@article{tucson-jir98,
    Author = {Omicini, Andrea and Zambonelli, Franco},
    Doi = {10.1108/10662249810241266},
    Issn = {1066-2243},
    Journal = {Internet Research},
    Keywords = {Applications software, Co-ordination, Information retrieval, Internet},
    Month = dec,
    Number = 5,
    Pages = {400--413},
    Publisher = {MCB University Press},
    ScopusId = {2-s2.0-0032355650},
    Title = {Co-ordination of Mobile Information Agents in {{\sf TuCSoN}}},
    Url = {http://www.emeraldinsight.com/10.1108/10662249810241266},
    Volume = 8,
    WosId = {000077560700004},
    Year = 1998}

@book{jadebook-2007,
    Author = {Bellifemine, Fabio Luigi and Caire, Giovanni and Greenwood, Dominic},
    Isbn = {978-0-470-05747-6},
    Month = feb,
    Publisher = {Wiley},
    Title = {Developing Multi-Agent Systems with {JADE}},
    Url = {http://eu.wiley.com/WileyCDA/WileyTitle/productCd-0470057475.html},
    Year = 2007}

@misc{envSetup,
    author = {Ciatto, Giovanni and Omicini, Andrea},
    title = {Environment Setup Tutorial},
    url={https://github.com/gciatto-unibo/sd-lab-environment-configuration/releases/latest},
}

@misc{pianiniDvcs,
	author = {Pianini, Danilo},
	title = {Productive parallel teamwork: Decentralized Version Control Systems},
	url={https://www.slideshare.net/DanySK/productive-parallel-teamwork-decentralized-version-control-systems},
}

@misc{pianiniBuildAutomation,
	author = {Pianini, Danilo},
	title = {Enforce reproducibility: dependency management and build automation},
	url={https://www.slideshare.net/DanySK/enforce-reproducibility-dependency-management-and-build-automation},
}

@book{proGit,
	author    = {Chacon, Scott and Straub, Ben },
	title     = {Pro Git},
	publisher = {Apress},
	year      = 2014,
	edition   = 2,
	note      = {\url{https://git-scm.com/book/en/v2}},
	url={https://git-scm.com/book/en/v2},
	url = {https://git-scm.com/book/en/v2},
	isbn      = {978-1484200773}
}

@misc{gradleUserGuide,
	author = {Gradle, Inc.},
	title = {Gradle User Manual},
	url={https://docs.gradle.org/current/userguide/userguide.pdf},
    year={2022}
}

@book{Naftalin2006,
	author    = {Naftalin, Maurice and Wadler, Philip},
	title     = {Java generics and collections},
	publisher = {O'Reilly},
	year      = {2006},
	url       = {https://www.oreilly.com/pub/pr/1634},
	isbn      = {0-596-52775-6},
}

@misc{JavaCollectionsCheatsheets,
	author = {Random Guy on the Internet},
	title = {Java Map/Collection Cheat Sheet},
	url={http://www.sergiy.ca/img/doc/java-map-collection-cheat-sheet.gif},
}

@book{Bloch2008,
	author = {Bloch, Joshua},
	title = {Effective Java (2nd Edition) (The Java Series)},
	year = {2008},
	isbn = {0321356683},
	publisher = {Prentice Hall PTR},
	address = {USA},
	edition = {2},
}

@book{Warburton2014,
	author = {Warburton, Richard},
	title = {Java 8 Lambdas: Pragmatic Functional Programming},
	year = {2014},
	isbn = {1449370772},
	publisher = {O'Reilly Media, Inc.},
	edition = {1},
}

@book{Oaks2004,
	author    = {Oaks, Scott and Wong, Henry },
	title     = {Java threads -- {U}nderstanding and mastering concurrent programming},
	publisher = {O'Reilly},
	year      = {2004},
	_url       = {https://www.amazon.it/Java-Threads-Understanding-Concurrent-Programming-ebook/dp/B00BIRRRZA},
	isbn      = {978-0-596-00782-9},
	timestamp = {Tue, 12 Apr 2011 15:08:29 +0200},
	biburl    = {https://dblp.org/rec/books/daglib/0011710.bib},
	bibsource = {dblp computer science bibliography, https://dblp.org}
}

@book{Lea1999,
	author    = {Lea, Doug},
	title     = {Concurrent programming in Java -- design principles and patterns},
	series    = {Java series},
	publisher = {Addison-Wesley-Longman},
	year      = {1999},
	edition = 2,
	isbn      = {9780201310092},
	url    = {https://www.oreilly.com/library/view/concurrent-programming-in/0201310090/},
}

@book{Goetz2006,
	author    = {Goetz, Brian and Peierls, Tim and Bloch, Joshua J. and Bowbeer, Joseph and	Holmes, David and Lea, Doug},
	title     = {Java Concurrency in Practice},
	publisher = {Addison-Wesley},
	year      = {2006},
	isbn      = {978-0-321-34960-6},
	url = {https://jcip.net},
	timestamp = {Sat, 10 Mar 2018 01:01:54 +0100},
	biburl    = {https://dblp.org/rec/books/daglib/0025244.bib},
	bibsource = {dblp computer science bibliography, https://dblp.org}
}

@book{Garg2004,
	author    = {Garg, Vijay K.},
	title     = {Concurrent and distributed computing in Java},
	publisher = {Wiley},
	year      = {2004},
	isbn      = {978-0-471-43230-2},
	timestamp = {Thu, 07 Apr 2011 16:16:00 +0200},
	biburl    = {https://dblp.org/rec/books/daglib/0010661.bib},
	bibsource = {dblp computer science bibliography, https://dblp.org}
}

@misc{ProgrammizJavaIO,
    author={Programmiz},
    title={Java I/O Streams},
    url={https://www.programiz.com/java-programming/io-streams},
    year={Last accessed: September 23, 2021}
}


@misc{AgentRace,
    title={Agent Race},
    author={Sperandio, Andrea},
    year={2021},
    note={(Classic MAS Project)},
    url={https://apice.unibo.it/xwiki/bin/view/Courses/As2021ProjectAgentRace},
}
@misc{BacterialAgent,
    title={Bacterial Agent},
    author={Gnagnarella, Enrico and Scucchia, Matteo},
    year={2021},
    note={(Classic MAS Project)},
    url={https://apice.unibo.it/xwiki/bin/view/Courses/As2021ProjectBacterialAgent},
}
@misc{SlrParallelLp,
    title={Parallelism in Logic Programming: A SLR},
    author={Cerami, Alessia and Giordano, Andrea},
    year={2021},
    note={(SLR Project)},
    url={https://apice.unibo.it/xwiki/bin/view/Courses/As2021ProjectSlrParallelLp},
}
@misc{ClausesBonarrigo,
    title={Clauses storage in \twopkt{}},
    author={Bonarrigo, Manuel},
    year={2020},
    note={(Research LP Project)},
    url={https://apice.unibo.it/xwiki/bin/view/Courses/Sa1920ProjectClausesBonarrigo},
}
@misc{SKEMormoneAspeeEncina,
    title={SLR on the symbolic knowledge extraction techniques},
    author={Aspee Encina, Fabian Andres and Mormone, Giovanni},
    year={2020},
    note={(SLR Project)},
    url={https://apice.unibo.it/xwiki/bin/view/Courses/Sa1920ProjectSKEMormoneAspeeEncina},
}
@misc{SymbolicBacchiani,
    title={SLR on Symbolic knowledge injection},
    author={Bacchiani, Lorenzo},
    year={2020},
    note={(SLR Project)},
    url={https://apice.unibo.it/xwiki/bin/view/Courses/Sa1920ProjectSymbolicBacchiani},
}
@misc{LidarBosello,
    title={Deep Reinforcement Learning Autonomous Driving Using Lidar in the Physical World},
    author={Bosello, Michael},
    year={2020},
    note={(Advanced MAS Project)},
    url={https://apice.unibo.it/xwiki/bin/view/Courses/Sa1920ProjectLidarBosello},
}
@misc{GalassiKotlinbdi,
    title={Kotlin-BDI},
    author={Galassi, Marco},
    year={2020},
    note={(Research MAS Project)},
    url={https://apice.unibo.it/xwiki/bin/view/Courses/Sa1920ProjectGalassiKotlinbdi},
}
@misc{RetineuraliSabbatini,
    title={Implementazione e comparazione tra algoritmi di estrazione di conoscenza da reti neurali},
    author={Sabbatini, Federico},
    year={2019},
    note={(Advanced MAS Project)},
    url={https://apice.unibo.it/xwiki/bin/view/Courses/Sa1819ProjectRetineuraliSabbatini},
}
@misc{PokerBraggion,
    title={Implementation of a Poker autonomous system using Jason and CArtAgO},
    author={Braggion, Stefano},
    year={2019},
    note={(Classic MAS Project)},
    url={https://apice.unibo.it/xwiki/bin/view/Courses/Sa1819ProjectPokerBraggion},
}
@misc{AbudtivemetaintDisanti,
    title={An abductive meta-interpreter},
    author={Di Santi, Silvio},
    year={2019},
    note={(Advanced LP Project)},
    url={https://apice.unibo.it/xwiki/bin/view/Courses/Sa1819ProjectAbudtivemetaintDisanti},
}